@Book{wainer2000,
author = {Wainer, H. and Dorans, N.J. and Flaugher, R. and Green, B.F. and Mislevy, R.J.},
title = {Computerized adaptive testing: A primer},
volume = {},
pages = {},
editor = {},
publisher = {Routledge},
address = {},
year = {2000},
keywords = {}}


@Article{black2017,
author = {Black, M.M. and Walker, S.P. and Fernald, L.C.H. and Andersen, C.T. and DiGirolamo, A.M. and Lu, C. and McCoy, D.C. and Fink, G. and Shawar, Y.R. and Shiffman, J. and  Devercelli, A.E. and Wodon, Q.T. and Vargas-BarÓn, E. and Grantham-McGregor, S.},
title = {Early childhood development coming of age: Science through the life course},
journal = {The Lancet},
volume = {389},
number = {10064},
pages = {77--90},
year = {2017},
location = {},
keywords = {}}


@Article{engle2011,
author = {Engle, P.L. and Fernald, L.C.H. and Alderman, H. and Behrman, J. and O’Gara, C. and Yousafzai, A. and de Mello, M.C. and Hidrobo, M. and Ulkuer, N. and Ertem, I.},
title = {Strategies for reducing inequalities and improving developmental outcomes for young children in low-income and middle-income countries},
journal = {The Lancet},
volume = {378},
number = {9799},
pages = {1339--1353},
year = {2011},
location = {},
keywords = {}}


@Article{grantham2014,
author = {Grantham‐McGregor, S.M. and Fernald, L.C.H. and Kagawa, R. and Walker, S.},
title = {Effects of integrated child development and nutrition interventions on child development and nutritional status},
journal = {Annals of the New York Academy of Sciences},
volume = {1308},
number = {1},
pages = {11--32},
year = {2014},
location = {},
keywords = {}}

@Article{verloove-vanhorick1986,
author = {Verloove-Vanhorick, S. P. and Verwey, R. A. and Brand, R. and Bennebroek Gravenhorst, J. and Keirse, M. J. N. C. and Ruys, J. H.},
title = {Neonatal mortality risk in relation to gestational age and birthweight. Results of a national survey of preterm and very-low-birthweight infants in The Netherlands},
journal = {Lancet},
volume = {1},
number = {8472},
pages = {55--57},
year = {1986},
abstract = {},
location = {},
keywords = {}}


@Book{baarda1978,
author = {Baarda, D.B.},
title = {UKKI: Utrechtse Korte Kleuter Intelligentietest: Handleiding},
volume = {},
pages = {},
editor = {},
publisher = {Swets en Zeitlinger},
address = {Lisse},
year = {1978},
abstract = {},
keywords = {}}

@Article{hafkamp2009,
author = {Hafkamp-de Groen, E. and Dusseldorp, E. and Boere-Boonekamp, M.M. and Jacobusse, G.W. and Oudesluijs-Murphy, A.M. and Verkerk, P.H.},
title = {Relatie tussen het Van Wiechenonderzoek (D-score) op 2 jaar en het intelligentieniveau op 5 jaar [Relation between the Dutch Development Instrument at the age of 2 years and intelligence at the age of 5 years]},
journal = {Tijdschrift voor Jeugdgezondheidszorg},
volume = {41},
number = {1},
pages = {10--14},
year = {2009},
abstract = {},
location = {},
keywords = {}}

@Book{holland1983,
author = {Holland, P. W. and Wainer, H.},
title = {Differential Item Functioning},
volume = {},
pages = {},
editor = {},
publisher = {Lawrence Erlbaum Associates},
address = {Hillsdale, NJ},
year = {1983},
abstract = {},
keywords = {}}

@Manual{robitzsch2016,
title = {sirt: Supplementary item response theory models},
author = {Robitzsch, A.},
year = {2016},
note = {R package version 1.10-0},
url = {https://CRAN.R-project.org/package=sirt},
}

@Article{zwinderman1995,
author = {Zwinderman, A. H.},
title = {Pairwise estimation in the Rasch models},
journal = {Applied Psychological Measurement},
volume = {19},
number = {4},
pages = {369--375},
year = {1995},
abstract = {},
location = {},
keywords = {}}

@Article{linacre2004,
author = {Linacre, J.M.},
title = {Rasch model estimation: Further topics},
journal = {Journal of applied measurement},
volume = {5},
number = {1},
pages = {95--110},
year = {2004},
abstract = {},
location = {},
keywords = {}}

@Article{bock1982,
author = {Bock, D. D. and Mislevy, R. J.},
title = {Adaptive {EAP} Estimation of Ability in a Microcomputer Environment},
journal = {Applied Psychological Measurement},
volume = {6},
number = {4},
pages = {431--444},
year = {1982},
abstract = {},
location = {},
keywords = {}}

@Article{andrich1978,
author = {Andrich, D.},
title = {A rating formulation for ordered response categories},
journal = {Psychometrika},
volume = {43},
number = {},
pages = {561--573},
year = {1978},
abstract = {},
location = {},
keywords = {}}

@Incollection{molenaar1997,
author = {Molenaar, I.W.},
title = {Nonparametric models for polytomous responses},
booktitle = {Handbook of modern item response theory},
editor = {},
publisher = {Springer},
address = {},
pages = {369-380},
year = {1997},
abstract = {},
keywords = {}}

@Book{embretsen2000,
author = {Embretsen, S. E. and Reise, S. P.},
title = {Item response theory for psychologists},
volume = {},
pages = {},
editor = {},
publisher = {Lawrence Erlbaum},
address = {Mahwah, NJ},
year = {2000},
abstract = {},
keywords = {}}

@Article{vanbuuren2014,
author = {{van Buuren}, S.},
title = {Growth charts of human development},
journal = {Statistical Methods in Medical Research},
volume = {23},
number = {4},
pages = {346--368},
year = {2014},
keywords = {},
url = {https://stefvanbuuren.name/publication/2014-01-01_vanbuuren2014gc/}}

@Article{jacobusse2007,
author = {Jacobusse, G. and {van Buuren}, S.},
title = {Computerized adaptive testing for measuring development of young children},
journal = {Statistics in Medicine},
volume = {26},
number = {13},
pages = {2629--2638},
year = {2007},
abstract = {},
location = {},
keywords = {Development},
url = {https://stefvanbuuren.name/publication/2007-01-01_jacobusse2007/}}

@Article{jacobusse2006,
author = {Jacobusse, G. and {van Buuren}, S. and Verkerk, P.H.},
title = {An interval scale for development of children aged 0-2 years},
journal = {Statistics in Medicine},
volume = {25},
number = {13},
pages = {2272--2283},
year = {2006},
abstract = {},
location = {},
keywords = {Development},
url = {https://stefvanbuuren.name/publication/2006-01-01_jacobusse2006/}}

@phdthesis{herngreen1993,
author = {Herngreen, W. P. and Reerink, J. D.},
title = {Sociaal medisch onderzoek consultatiebureau kinderen SMOCK; Epidemiologisch onderzoek in de jeugdgezondheidszorg},
school = {University of Leiden},
address = {},
pages = {388 pages},
year = {1993},
abstract = {},
keywords = {}}

@Article{herngreen1992,
author = {Herngreen, W. P. and Reerink, J. D. and van Noord-Zaadstra, B. M. and Verloove-Vanhorick, S. P. and Ruys, J. H.},
title = {The SMOCC-study: Design of a representative cohort of live-born infants in The Netherlands},
journal = {European Journal of Public Health},
volume = {2},
number = {},
pages = {117-122},
year = {1992},
abstract = {},
location = {},
keywords = {Cohort}}

@Article{herngreen1994,
  author = {W.P. Herngreen and S. {van Buuren} and J.C. {van Wieringen} and J.D. Reerink and S.P. Verloove-Vanhorick and J.H. Ruys},
  title = {Growth in length and weight from birth to 2 years of a representative sample of Netherlands children (born in 1988-89) related to socio-economic status and other background characteristics},
  year = {1994},
  keywords = {children},
  journal = {Annals of Human Biology},
  volume = {21},
  number = {5},
  pages = {449--463},
  date = {1994-01-01},
}

@article{berkson1944,
 ISSN = {01621459},
 URL = {http://www.jstor.org/stable/2280041},
 author = {Joseph Berkson},
 journal = {Journal of the American Statistical Association},
 number = {227},
 pages = {357--365},
 publisher = {[American Statistical Association, Taylor & Francis, Ltd.]},
 title = {Application of the Logistic Function to Bio-Assay},
 volume = {39},
 year = {1944}
}

@Book{coombs1964,
author = {Coombs, C. H.},
title = {A Theory of Data},
volume = {},
pages = {},
editor = {},
publisher = {Wiley},
address = {New York},
year = {1964},
abstract = {},
keywords = {}}

@Book{wright1982,
author = {Wright, B. D. and Masters, G. N.},
title = {Rating Scale Analysis: Rasch Measurement},
volume = {},
pages = {},
editor = {},
publisher = {MESA Press},
address = {Chicago},
year = {1982},
abstract = {},
keywords = {}}

@Book{andrich1988,
author = {Andrich, D.},
title = {Rasch Models for Measurement},
volume = {},
pages = {},
editor = {},
publisher = {Sage Publications},
address = {Newbury Park},
year = {1988},
abstract = {},
keywords = {}}

@Book{rasch1960,
author = {Rasch, G.},
title = {Probabilistic models for some intelligence and attainment tests},
volume = {},
pages = {},
editor = {},
publisher = {Danish Institute for Educational Research},
address = {Copenhagen},
year = {1960},
abstract = {},
keywords = {}}

@Book{mokken1971,
author = {Mokken, R. J.},
title = {A theory and procedure of scale analysis: With applications in political research},
volume = {},
pages = {},
editor = {},
publisher = {Walter de Gruyter},
address = {Berlin},
year = {1971},
abstract = {},
keywords = {}}

@Incollection{guttman1950,
author = {Guttman, L.},
title = {The basis for scalogram snalysis},
booktitle = {Measurement and Prediction, Vol. IV},
editor = {Stouffer, S. A. and Guttman, L. and Suchman, E. A. and Lazarsfeld, P. F. and Star, S. A. and Clausen, J. A.},
publisher = {Princeton University Press},
address = {Princeton, NJ},
pages = {60-90},
year = {1950},
abstract = {},
keywords = {}}


@Book{engelhard2013,
author = {Engelhard Jr., G.},
title = {Invariant Measurement},
volume = {},
pages = {},
editor = {},
publisher = {Routledge},
address = {New York},
year = {2013}}

@Book{laurent2008,
author = {},
title = {Ontwikkelingsonderzoek in de Jeugdgezondheidszorg},
volume = {},
pages = {},
editor = {Laurent de Angulo, M. S.},
publisher = {Van Gorcum},
address = {Assen},
year = {2008},
abstract = {},
keywords = {}}


@Article{drachler2007,
author = {Drachler, M. and Marshall, T. and De Carvalho Leite, J. C.},
title = {A continuous‐scale measure of child development for population‐based epidemiological surveys: a preliminary study using Item Response Theory for the Denver Test},
journal = {Paediatric and Perinatal Epidemiology},
volume = {21},
number = {2},
pages = {138-153},
year = {2007},
location = {},
keywords = {}}

@Book{salkind2002,
author = {},
title = {Child Development},
volume = {},
pages = {},
editor = {Salkind, N. J.},
publisher = {Macmillan Library Reference},
address = {},
year = {2002},
abstract = {},
keywords = {}}

@Book{berk2013,
author = {Berk, L. E.},
title = {Child Development. 9th Ed.},
volume = {},
pages = {},
editor = {},
publisher = {Pearson},
address = {Boston, MA},
year = {2011},
abstract = {},
keywords = {}}

@Book{santrock2010,
author = {Santrock, J.},
title = {Child Development: An introduction. 13th Ed.},
volume = {},
pages = {},
editor = {},
publisher = {McGraw-Hill Higher Education},
address = {New York, NJ},
year = {2011},
abstract = {},
keywords = {}}

@Book{piaget1969,
author = {Piaget, J. and Inhelder, B.},
title = {The Psychology Of The Child},
volume = {},
pages = {},
editor = {},
publisher = {Basic Books},
address = {New York, NJ},
year = {1969},
abstract = {},
keywords = {}}

@Book{kohlberg1984,
author = {Kohlberg, L.},
title = {The psychology of moral development: The nature and validity of moral stages: Vol.~2},
volume = {},
pages = {},
editor = {},
publisher = {Harpen \& Row},
address = {San Francisco},
year = {1984},
abstract = {},
keywords = {}}

@Book{erikson1963,
author = {Erikson, E. H.},
title = {Childhood and Society. 2d Ed., Rev. and Enl},
volume = {},
pages = {},
editor = {},
publisher = {Norton},
address = {New York, NJ},
year = {1963},
abstract = {},
keywords = {}}

@Book{stott1967,
author = {Stott, L.H.},
title = {Child Development. An Individual Longitudinal Approach},
volume = {},
pages = {},
editor = {},
publisher = {Holt, Rinehart and Winston, Inc.},
address = {New York, NJ},
year = {1967},
abstract = {},
keywords = {}}

@Book{hermanussen2013,
author = {},
title = {Auxology: Studying Human Growth and Development},
volume = {},
pages = {},
editor = {Hermanussen, M.},
publisher = {Schweizerbart},
address = {Stuttgart, Germany},
year = {2013},
abstract = {},
keywords = {}}

@Book{liebert1974,
author = {Liebert, R. M. and Poulos, R. W. and Strauss, G. D.},
title = {Developmental Psychology},
volume = {},
pages = {},
editor = {},
publisher = {Prentice-Hall, Inc.},
address = {Englewood Cliffs, NJ},
year = {1974},
abstract = {},
keywords = {}}

@Book{cameron2012,
author = {Cameron, N. and Bogin, B.},
title = {Human Growth and Development},
volume = {},
pages = {},
editor = {},
publisher = {Academic Press},
address = {London},
year = {2012},
keywords = {}}

@Book{gesell1943,
author = {Gesell, A.},
title = {Infant and Child in the Culture of Today},
volume = {},
pages = {},
editor = {},
publisher = {Read Book Ltd.},
address = {Los Angeles, CA},
year = {1943}}

@Book{shirley1931,
author = {Shirley, M. M.},
title = {The First Two Years: A Study of Twenty-five Babies},
volume = {I: Postural and Locomotor Development},
pages = {},
editor = {},
publisher = {University of Minnesota Press},
address = {Minneapolis},
year = {1931},
abstract = {},
keywords = {}}

@Book{shirley1933,
author = {Shirley, M. M.},
title = {The First Two Years: A Study of Twenty-five Babies},
volume = {II: Intellectual Development},
pages = {},
editor = {},
publisher = {University of Minnesota Press},
address = {Minneapolis},
year = {1933},
abstract = {},
keywords = {}}

@Article{vanbuuren1992,
author = {{van Buuren}, S. and de Leeuw, J.},
title = {Equality constraints in multiple correspondence analysis},
journal = {Multivariate Behavioral Research},
volume = {27},
number = {4},
pages = {567-583},
year = {1992}}

@Article{zumbo1999,
author = {Zumbo, B.D.},
title = {A handbook on the theory and methods of differential item functioning ({DIF})},
journal = {Ottawa: National Defense Headquarters},
volume = {},
number = {},
pages = {},
year = {1999},
location = {},
keywords = {}}

@article{bourgeois1997synaptogenesis,
  title={Synaptogenesis, heterochrony and epigenesis in the mammalian neocortex},
  author={Bourgeois, J.P.},
  journal={Acta paediatrica},
  volume={86},
  number={S422},
  pages={27--33},
  year={1997},
  publisher={Wiley Online Library}
}

@article{britto2017assessment,
  title={Assessment of neonatal pain during heel prick: lancet vs needle—a randomized controlled study},
  author={Britto, C. and Jasmine, P.N. and Rao, S.},
  journal={Journal of tropical pediatrics},
  volume={63},
  number={5},
  pages={346--351},
  year={2017},
  publisher={Oxford University Press}
}

@article{burkholder2016early,
  title={Early life stress: effects on the regulation of anxiety expression in children and adolescents},
  author={Burkholder, A.R. and Koss, K.J. and Hostinar, C.E. and Johnson, A.E. and Gunnar, M.R.},
  journal={Social Development},
  volume={25},
  number={4},
  pages={777--793},
  year={2016},
  publisher={Wiley Online Library}
}

@article{caspi2010genetic,
  title={Genetic sensitivity to the environment: the case of the serotonin transporter gene and its implications for studying complex diseases and traits},
  author={Caspi, A. and Hariri, A.R. and Holmes, A. and Uher, R. and Moffitt, T.E.},
  journal={American journal of Psychiatry},
  volume={167},
  number={5},
  pages={509--527},
  year={2010},
  publisher={Am Psychiatric Assoc}
}

@article{curley2011social,
  title={Social influences on neurobiology and behavior: epigenetic effects during development},
  author={Curley, J.P. and Jensen, C.L. and Mashoodh, R. and Champagne, F.A.},
  journal={Psychoneuroendocrinology},
  volume={36},
  number={3},
  pages={352--371},
  year={2011},
  publisher={Elsevier}
}

@incollection{ellingsen2016standardized,
  title={Standardized assessment of cognitive development: Instruments and issues},
  author={Ellingsen, K.M.},
  booktitle={Early childhood assessment in school and clinical child psychology},
  pages={25--49},
  year={2016},
  publisher={Springer}
}

@article{grantham2007developmental,
  title={Developmental potential in the first 5 years for children in developing countries},
  author={Grantham-McGregor, S. and Cheung, Y.B. and Cueto, S. and Glewwe, P. and Richter, L. and Strupp, B. and International Child Development Steering Group and others},
  journal={The lancet},
  volume={369},
  number={9555},
  pages={60--70},
  year={2007},
  publisher={Elsevier}
}

@article{huttenlocher1997regional,
  title={Regional differences in synaptogenesis in human cerebral cortex},
  author={Huttenlocher, P.R. and Dabholkar, A.S.},
  journal={Journal of comparative Neurology},
  volume={387},
  number={2},
  pages={167--178},
  year={1997},
  publisher={Wiley Online Library}
}

@article{kolb2017principles,
  title={Principles of plasticity in the developing brain},
  author={Kolb, B. and Harker, A. and Gibb, R.},
  journal={Developmental Medicine \& Child Neurology},
  volume={59},
  number={12},
  pages={1218--1223},
  year={2017},
  publisher={Wiley Online Library}
}

@article{miller2016consistent,
  title={How consistent are associations between stunting and child development? Evidence from a meta-analysis of associations between stunting and multidimensional child development in fifteen low-and middle-income countries},
  author={Miller, A.C. and Murray, M.B. and Thomson, D.R. and Arbour, M.C.},
  journal={Public health nutrition},
  volume={19},
  number={8},
  pages={1339--1347},
  year={2016},
  publisher={Cambridge University Press}
}

@article{perkins2017understanding,
  title={Understanding the association between stunting and child development in low-and middle-income countries: next steps for research and intervention},
  author={Perkins, J.M. and Kim, R. and Krishna, A. and McGovern, M. and Aguayo, V.M. and Subramanian, S.V.},
  journal={Social Science \& Medicine},
  volume={193},
  pages={101--109},
  year={2017},
  publisher={Elsevier}
}

@article{sciaraffa2018understanding,
  title={Understanding and Promoting Resilience in the Context of Adverse Childhood Experiences},
  author={Sciaraffa, M.A. and Zeanah, P.D. and Zeanah, C.H.},
  journal={Early Childhood Education Journal},
  volume={46},
  number={3},
  pages={343--353},
  year={2018},
  publisher={Springer}
}

@article{shonkoff2012lifelong,
  title={The lifelong effects of early childhood adversity and toxic stress},
  author={Shonkoff, J.P. and Garner, A.S. and Siegel, B.S. and Dobbins, M.I. and Earls, M.F. and McGuinn, L. and Pascoe, J. and Wood, D.L. and Committee on Psychosocial Aspects of Child and Family Health and Committee on Early Childhood, Adoption, and Dependent Care and others},
  journal={Pediatrics},
  volume={129},
  number={1},
  pages={e232--e246},
  year={2012},
  publisher={Am Acad Pediatrics}
}

@article{sudfeld2015linear,
  title={Linear growth and child development in low-and middle-income countries: a meta-analysis},
  author={Sudfeld, C.R. and McCoy, D.C. and Danaei, G. and Fink, G. and Ezzati, M. and Andrews, K.G. and Fawzi, W.W.},
  journal={Pediatrics},
  volume={135},
  number={5},
  pages={e1266--e1275},
  year={2015},
  publisher={Am Acad Pediatrics}
}

@article{wachs2014issues,
  title={Issues in the timing of integrated early interventions: contributions from nutrition, neuroscience, and psychological research},
  author={Wachs, T.D. and Georgieff, M. and Cusick, S. and McEwen, B.S.},
  journal={Annals of the New York Academy of Sciences},
  volume={1308},
  number={1},
  pages={89--106},
  year={2014},
  publisher={Wiley Online Library}
}

@article{wit2017practical,
  title={Practical application of linear growth measurements in clinical research in low-and middle-income countries},
  author={Wit, J.M. and Himes, J.H. and van Buuren, S. and Denno, D.M. and Suchdev, P.S.},
  journal={Hormone research in paediatrics},
  volume={88},
  number={1},
  pages={79--90},
  year={2017},
  publisher={Karger Publishers}
}

@misc{skonkhoff2016best,
  title={From best practices to breakthrough impacts: A science-based approach to building a more promising future for young children and families},
  author={Shonkhoff, J.P. and Levitt, P. and Fox, N.A. and Bunge, S.A. and Cameron, J.L. and Duncan, G.J.},
  year={2016},
  publisher={Harvard University, Center on the Developing Child Cambridge, MA}
}

@misc{rutter2007genes,
  title={Genes and behavior: Nature-nurture interplay explained},
  author={Rutter, M.},
  year={2007},
  publisher={Hogrefe Publishing}
}


@article{johnson2013science,
  title={The science of early life toxic stress for pediatric practice and advocacy},
  author={Johnson, S.B. and Riley, A.W. and Granger, D.A. and Riis, J.},
  journal={Pediatrics},
  volume={131},
  number={2},
  pages={319--327},
  year={2013},
  publisher={Am Acad Pediatrics}
}

@article{belsky2002early,
  title={Early attachment security, subsequent maternal sensitivity, and later child development: Does continuity in development depend upon continuity of caregiving?},
  author={Belsky, J. and Fearon, R.M.P.},
  journal={Attachment \& Human Development},
  volume={4},
  number={3},
  pages={361--387},
  year={2002},
  publisher={Taylor \& Francis}
}

@article{fernald2017toolkit,
  title={A toolkit for measuring early childhood development in low and middle-income countries},
  author={Fernald, L.C.H. and Prado, E. and Kariger, P. and Raikes, A.},
  year={2017},
  publisher={World Bank}
}

@article{bayley1969,
  title={Bayley Scales of Infant Development},
  author={Bayley, N.},
  year={1969},
  publisher={New York: Psychological Corp}
}

@article{bayley1993,
  title={The Bayley Scales of Infant Development-II},
  author={Bayley, N.},
  year={1993},
  publisher={San Antonio, TX: Psychological Corporation}
}

@article{bayley2006,
  title={Bayley Scales of Infant and Toddler Development–Third Edition: Technical manual},
  author={Bayley, N.},
  year={2006},
  publisher={San Antonio, TX: Harcourt Assessment}
}

@article{frankenburg1992,
  title={The Denver II: a major revision and restandardization of the Denver Developmental Screening Test},
  author={Frankenburg, W.K. and Dodds, J. and Archer, P. and Shapiro, H. and Bresnick B.},
  year={1992},
  journal={Pediatrics},
  volume={89},
  pages={91--98},
  publisher={Am Acad Pediatrics}
}

@article{frankenburg1990,
  title={The DENVER II Technical Manual},
  author={Frankenburg, W.K. and Dodds, J. and Archer, P. and Shapiro, H. and Bresnick, B.},
  year={1990},
  publisher={Denver, CO: Denver Developmental Materials}
}

@article{griffiths1967,
  title={The Abilities of Babies: A Study in Mental Measurement},
  author={Griffiths, R.},
  year={1967},
  publisher={University of London Press}
}

@article{newborg2005,
  title={Battelle Developmental Inventory-2nd Edition},
  author={Newborg, J.},
  year={2005},
  publisher={Rolling Meadows, IL: Riverside Publishing}
}

@article{doll1953,
  title={The measurement of social competence: A manual for the Vineland Social Maturity Scale},
  author={Doll, E.A.},
  year={1953},
  publisher={Educational Test Bureau, Educational Publishers}
}

@article{schlesinger1981,
  title={Ontwikkelingsonderzoek van zuigelingen en kleuters op het consultatiebureau},
  author={Schlesinger-Was, E.A.},
  year={1981},
  publisher={}
}

@article{barrera1981,
  title={Crecimiento y desarrollo psicológico del niño venezolano},
  author={Barrera Moncada, G.},
  year={1981},
  publisher={Ediciones psicopediátricas. Caracas}
}

@article{haeussler1999,
  title={Tepsi: test de desarrollo psicomotor 2-5 años},
  author={Haeussler, I.M. and Marchant, T.},
  year={1999},
  publisher={Eds. Universidad Católica de Chiles}
}

@article{squires2009,
  title={Ages \& Stages Questionnaires, Third Edition (ASQ- 3). A parent-completed child-monitoring system},
  author={Squires, J. and Bricker, D.},
  year={2009},
  publisher={Paul H. Brookes Publishing Co., Baltimore}
}

@article{roid2003,
  title={Stanford–Binet Intelligence Scales, Fifth Edition},
  author={Roid, G.H.},
  year={2003},
  publisher={WPS Psychological Tests}
}

@article{hagen1986,
  title={Stanford–Binet Intelligence Scales, Fourth Edition},
  author={Hagen, E. and Stattler, J.},
  year={1986},
  publisher={Thorndike}
}


@article{Tofail2008,
author = {Tofail, Fahmida and Persson, Lars {\AA}ke and {El Arifeen}, Shams and Hamadani, Jena D and Mehrin, Ferdina and Ridout, Deborah and Ekstr{\"{o}}m, Eva-Charlotte and Huda, Syed N and Grantham-McGregor, Sally M},
doi = {10.1093/ajcn/87.3.704},
issn = {0002-9165},
journal = {The American Journal of Clinical Nutrition},
month = {mar},
number = {3},
pages = {704--711},
pmid = {18326610},
title = {{Effects of prenatal food and micronutrient supplementation on infant development: a randomized trial from the Maternal and Infant Nutrition Interventions, Matlab (MINIMat) study}},
volume = {87},
year = {2008}
}

@article{Victora2006,
author = {Victora, Cesar Gomes and Ara{\'{u}}jo, Cora Luiza Pavin and Menezes, Ana Maria Batista and Hallal, Pedro Curi and Vieira, Maria de F{\'{a}}tima and Neutzling, Marilda Borges and Gon{\c{c}}alves, Helen and Valle, Neiva Cristina and Lima, Rosangela Costa and Anselmi, Luciana and Behague, Dominique and Gigante, Denise Petrucci and Barros, Fernando Celso},
doi = {10.1590/s0034-89102006000100008},
issn = {0034-8910},
journal = {Revista de saude publica},
month = {feb},
number = {1},
pages = {39--46},
pmid = {16410981},
title = {{Methodological aspects of the 1993 Pelotas (Brazil) Birth Cohort Study.}},
},
volume = {40},
year = {2006}
}

@article{Moura2010,
author = {Moura, Danilo R and Costa, Jaderson C and Santos, In{\'{a}} S and Barros, Alu{\'{i}}sio J D and Matijasevich, Alicia and Halpern, Ricardo and Dumith, Samuel and Karam, Simone and Barros, Fernando C},
doi = {10.1111/j.1440-1754.2010.01717.x},
issn = {1440-1754},
journal = {Journal of paediatrics and child health},
month = {jun},
number = {6},
pages = {329--36},
title = {{Natural history of suspected developmental delay between 12 and 24 months of age in the 2004 Pelotas birth cohort.}},
url = {http://doi.wiley.com/10.1111/j.1440-1754.2010.01717.x http://www.ncbi.nlm.nih.gov/pubmed/20412410},
volume = {46},
year = {2010}
}

@article{conteras2015,
author = {Conteras, D. and González, S.},
journal = {International Journal of Education and Development},
pages = {217--30},
title = {{Determinants of early child development in Chile: Health, cognitive and demographic factors.}},
volume = {40},
year = {2015}
}

@article{Richter2007,
author = {Richter, Linda and Norris, Shane and Pettifor, John and Yach, Derek and Cameron, Noel},
doi = {10.1093/ije/dym016},
issn = {0300-5771},
journal = {International journal of epidemiology},
month = {jun},
number = {3},
pages = {504--11},
title = {{Cohort Profile: Mandela's children: the 1990 Birth to Twenty study in South Africa.}},
url = {https://academic.oup.com/ije/article-lookup/doi/10.1093/ije/dym016 http://www.ncbi.nlm.nih.gov/pubmed/17355979 http://www.pubmedcentral.nih.gov/articlerender.fcgi?artid=PMC2702039},
volume = {36},
year = {2007}
}
@article{Fernald2011,
author = {Fernald, Lia C H and Weber, Ann and Galasso, Emanuela and Ratsifandrihamanana, Lisy},
doi = {10.1111/j.1467-7687.2010.01032.x},
issn = {1467-7687},
journal = {Developmental science},
month = {jul},
number = {4},
pages = {832--47},
pmid = {21676102},
title = {{Socioeconomic gradients and child development in a very low income population: evidence from Madagascar.}},
url = {http://doi.wiley.com/10.1111/j.1467-7687.2010.01032.x http://www.ncbi.nlm.nih.gov/pubmed/21676102},
volume = {14},
year = {2011}
}
@article{Grantham-McGregor1991,
author = {Grantham-McGregor, S M and Powell, C A and Walker, S P and Himes, J H},
doi = {10.1016/0140-6736(91)90001-6},
issn = {0140-6736},
journal = {Lancet (London, England)},
month = {jul},
number = {8758},
pages = {1--5},
pmid = {1676083},
title = {{Nutritional supplementation, psychosocial stimulation, and mental development of stunted children: the Jamaican Study.}},
url = {https://linkinghub.elsevier.com/retrieve/pii/0140673691900016 http://www.ncbi.nlm.nih.gov/pubmed/1676083},
volume = {338},
year = {1991}
}
@article{Walker2004,
author = {Walker, Susan P and Chang, Susan M and Powell, Christine A and Grantham-McGregor, Sally M},
doi = {10.1093/jn/134.6.1417},
issn = {0022-3166},
journal = {The Journal of nutrition},
month = {jun},
number = {6},
pages = {1417--23},
title = {{Psychosocial intervention improves the development of term low-birth-weight infants.}},
url = {https://academic.oup.com/jn/article/134/6/1417/4688752 http://www.ncbi.nlm.nih.gov/pubmed/15173406},
volume = {134},
year = {2004}
}
@article{Hanlon2009,
author = {Hanlon, Charlotte and Medhin, Girmay and Alem, Atalay and Tesfaye, Fikru and Lakew, Zufan and Worku, Bogale and Dewey, Michael and Araya, Mesfin and Abdulahi, Abdulreshid and Hughes, Marcus and Tomlinson, Mark and Patel, Vikram and Prince, Martin},
doi = {10.1111/j.1365-3156.2008.02198.x},
issn = {13602276},
journal = {Tropical Medicine {\&} International Health},
month = {feb},
number = {2},
pages = {156--166},
title = {{Impact of antenatal common mental disorders upon perinatal outcomes in Ethiopia: the P-MaMiE population-based cohort study}},
url = {http://doi.wiley.com/10.1111/j.1365-3156.2008.02198.x},
volume = {14},
year = {2009}
}
@article{Paxson2010,
author = {Paxson, Christina and Schady, Norbert},
issn = {0013-0079},
journal = {Economic development and cultural change},
number = {1},
pages = {187--229},
pmid = {20821896},
title = {{Does money matter? The effects of cash transfers on child development in rural Ecuador.}},
url = {http://www.ncbi.nlm.nih.gov/pubmed/20821896},
volume = {59},
year = {2010}
}
@article{Rubio-Codina2016,
author = {Rubio-Codina, Marta and Araujo, M Caridad and Attanasio, Orazio and Mu{\~{n}}oz, Pablo and Grantham-McGregor, Sally},
doi = {10.1371/journal.pone.0160962},
editor = {Carpenter, David O.},
issn = {1932-6203},
journal = {PloS one},
month = {aug},
number = {8},
pages = {e0160962},
pmid = {27548634},
title = {{Concurrent Validity and Feasibility of Short Tests Currently Used to Measure Early Childhood Development in Large Scale Studies.}},
url = {https://dx.plos.org/10.1371/journal.pone.0160962 http://www.ncbi.nlm.nih.gov/pubmed/27548634 http://www.pubmedcentral.nih.gov/articlerender.fcgi?artid=PMC4993374},
volume = {11},
year = {2016}
}
@article{Attanasio2014,
author = {Attanasio, Orazio P and Fern{\'{a}}ndez, Camila and Fitzsimons, Emla O A and Grantham-McGregor, Sally M and Meghir, Costas and Rubio-Codina, Marta},
doi = {10.1136/bmj.g5785},
issn = {1756-1833},
journal = {BMJ (Clinical research ed.)},
month = {sep},
number = {sep29 5},
pages = {g5785},
pmid = {25266222},
title = {{Using the infrastructure of a conditional cash transfer program to deliver a scalable integrated early child development program in Colombia: cluster randomized controlled trial.}},
url = {http://www.bmj.com/cgi/doi/10.1136/bmj.g5785 http://www.ncbi.nlm.nih.gov/pubmed/25266222 http://www.pubmedcentral.nih.gov/articlerender.fcgi?artid=PMC4179481},
volume = {349},
year = {2014}
}
@article{Lozoff2016,
author = {Lozoff, Betsy and Jiang, Yaping and Li, Xing and Zhou, Min and Richards, Blair and Xu, Guobin and Clark, Katy M and Liang, Furong and Kaciroti, Niko and Zhao, Gengli and Santos, Denise Cc and Zhang, Zhixiang and Tardif, Twila and Li, Ming},
doi = {10.3945/jn.115.223917},
issn = {1541-6100},
journal = {The Journal of nutrition},
keywords = {growth,infancy,iron deficiency,iron deficiency anemia,iron supplementation,pregnancy,randomized clinical trial},
month = {mar},
number = {3},
pages = {612--21},
pmid = {26791556},
title = {{Low-Dose Iron Supplementation in Infancy Modestly Increases Infant Iron Status at 9 Mo without Decreasing Growth or Increasing Illness in a Randomized Clinical Trial in Rural China.}},
volume = {146},
year = {2016}
}
@article{Lozoff2003,
author = {Lozoff, Betsy and {De Andraca}, Isidora and Castillo, Marcela and Smith, Julia B and Walter, Tomas and Pino, Paulina},
issn = {1098-4275},
journal = {Pediatrics},
month = {oct},
number = {4},
pages = {846--54},
pmid = {14523176},
title = {{Behavioral and developmental effects of preventing iron-deficiency anemia in healthy full-term infants.}},
url = {http://www.ncbi.nlm.nih.gov/pubmed/14523176},
volume = {112},
year = {2003}
}
@article{doove2010,
author = {Doove, B.M.},
title = {{Ontwikkeling kinderen in Maastricht en Heuvelland (MOM), Evaluatie integraal kindvolgsysteem voor signalering in de Jeugdgezondheidszorg: MOMknowsbest.}},
year = {2010},
publisher = {Maastricht, Netherlands}
}

@article{borghi2006,
author = {Borghi, E and de Onis, M and Garza, C and {Van den Broeck}, J and Frongillo, E A and Grummer-Strawn, L and {Van Buuren}, S and Pan, H and Molinari, L and Martorell, R and Onyango, A W and Martines, J C and {WHO Multicentre Growth Reference Study Group}},
doi = {10.1002/sim.2227},
issn = {0277-6715},
journal = {Statistics in medicine},
month = {jan},
number = {2},
pages = {247--65},
pmid = {16143968},
title = {{Construction of the World Health Organization child growth standards: selection of methods for attained growth curves.}},
url = {http://doi.wiley.com/10.1002/sim.2227 http://www.ncbi.nlm.nih.gov/pubmed/16143968},
volume = {25},
year = {2006}
}
